<record><leader>00000cas a22000007a 4500</leader><controlfield tag="001">27903911</controlfield><controlfield tag="008">930412c19uu9999nmuwr ne      0    0eng d</controlfield><datafield ind1=" " ind2=" " tag="010"><subfield code="a">sn 93061418 </subfield></datafield><datafield ind1=" " ind2=" " tag="040"><subfield code="a">NVM</subfield><subfield code="b">eng</subfield><subfield code="c">NVM</subfield><subfield code="d">OCLCQ</subfield></datafield><datafield ind1=" " ind2=" " tag="042"><subfield code="a">msc</subfield></datafield><datafield ind1=" " ind2=" " tag="043"><subfield code="a">n-us-nm</subfield></datafield><datafield ind1="0" ind2=" " tag="130"><subfield code="a">High Country roundup (Chama, N.M.)</subfield></datafield><datafield ind1="1" ind2="0" tag="245"><subfield code="a">High country roundup.</subfield></datafield><datafield ind1=" " ind2=" " tag="260"><subfield code="a">Chama, N.M. :</subfield><subfield code="b">High Country Pub. Co.</subfield></datafield><datafield ind1=" " ind2=" " tag="300"><subfield code="a">v.</subfield></datafield><datafield ind1=" " ind2=" " tag="310"><subfield code="a">Weekly</subfield></datafield><datafield ind1=" " ind2=" " tag="588"><subfield code="a">Description based on: Vol. 11, no. 8 (Dec. 18, 1992).</subfield></datafield><datafield ind1=" " ind2="4" tag="651"><subfield code="a">Chama (N.M.)</subfield><subfield code="v">Newspapers.</subfield></datafield><datafield ind1=" " ind2="4" tag="651"><subfield code="a">Rio Arriba County (N.M.)</subfield><subfield code="v">Newspapers.</subfield></datafield><datafield ind1=" " ind2=" " tag="752"><subfield code="a">United States</subfield><subfield code="b">New Mexico</subfield><subfield code="c">Rio Arriba</subfield><subfield code="d">Chama.</subfield></datafield><datafield ind1="1" ind2=" " tag="029"><subfield code="a">AU@</subfield><subfield code="b">000020744235</subfield></datafield></record>